2510 4208
546 121 614 198 ta

69 349 158 420 reyes
168 324 278 410 enim,
300 346 383 411 qnae
396 345 449 394 ees
463 335 590 396 natam
608 321 695 416 legas
708 333 981 400 summoneatur
991 323 1082 404 inter

70 429 245 512 homines,
269 451 352 522 qnae
371 427 468 499 etiarn
487 427 523 496 in
539 425 644 498 brutis
662 425 773 497 bestiis
791 439 976 512 mrrtntnr,
999 452 1082 500 curn·

71 530 462 614 matrimonium-justum
473 553 676 616 nequequam
696 555 715 594 a
728 540 861 613 natan,
880 553 999 598 ¹ver-nan
1010 530 1081 606 haas

72 657 194 700 manae
207 633 368 700 societatis
384 658 422 700 ex
439 633 595 702 institutis
610 632 769 723 prodiisse
787 644 947 716 statuant,
973 659 1082 726 nequo

73 739 145 819 ejus
161 734 369 804 violationem
379 736 441 802 sibi
454 734 671 802 ulciscendam
683 734 882 817 existimatum
907 734 965 819 (cf.
977 738 1078 808 Eum.

77 850 155 910 202
171 863 219 924 sq.
241 845 328 910 675:
341 840 435 927 628)
460 851 495 905 at
507 851 669 906 maternae
683 837 789 908 caedis
800 839 996 930 eripiendum
1008 865 1079 912 esso

76 940 185 1010 soclus
199 943 335 1008 maxime
346 941 485 1032 impiam
496 953 600 1008 morte
606 939 675 1021 titii,
688 953 784 1028 atque
790 941 820 1006 ei
827 943 1080 1034 quociensngere

76 1044 224 1136 gestiant
240 1044 347 1110 vitam.
405 1045 465 1111 Cui
484 1067 586 1129 quum
605 1043 926 1128 surrexeritedjntor
945 1043 1082 1136 oporto,

78 1148 139 1232 qni
157 1146 265 1214 mariti
285 1145 417 1213 enodem
435 1145 572 1214 civitatis
591 1171 630 1214 ex
648 1144 771 1238 legibus
791 1147 881 1214 omni
900 1147 1000 1216 modo
1011 1171 1080 1238 ptr-¹

78 1248 232 1316 niendom
249 1261 340 1316 ratas
364 1248 428 1334 (cs.
447 1249 545 1317 Eum.
563 1259 636 1322 208
658 1257 797 1322 art-209·
821 1272 887 1335 quo
906 1249 1081 1340 posteriori

78 1374 177 1416 rersn
198 1351 333 1416 scribas:
373 1348 490 1431 ὅρκου
505 1354 573 1414 'ort
592 1354 748 1427 μείξων,
779 1355 822 1436 τῇ
842 1355 937 1436 Δίκῃ
956 1372 1079 1434 φρου-

80 1455 259 1536 ρουμένη.
297 1452 516 1535 Wellanerns,
533 1453 590 1538 qni
601 1477 726 1519 commo
738 1465 814 1544 post
825 1457 964 1534 μείζων
978 1455 1081 1521 omit-

81 1557 140 1637 tit,
166 1554 246 1622 salse
265 1554 374 1621 locum
393 1555 639 1646 interpretatur:
666 1568 755 1622 torns
776 1557 980 1640 jurejurando
1001 1579 1081 1624 son-

82 1657 168 1722 ctior
186 1668 250 1740 est,
276 1656 304 1722 si
323 1659 405 1739 inste
424 1654 552 1725 colitur·
603 1659 721 1726 Sensus
736 1682 811 1726 raro
825 1658 896 1726 hic:
923 1659 988 1726 tori
1000 1682 1081 1725 sen-
1183 1741 1186 1748 Ι

82 1758 178 1828 otitns
190 1761 292 1842 major
301 1770 366 1841 est,
390 1783 489 1845 quern
503 1760 727 1844 jurisjurandi3
751 1785 773 1826 a
789 1761 917 1832 institia
936 1761 1081 1828 circnm-

82 1859 269 1946 volitatur.)
293 1861 363 1951 ipse
381 1860 484 1928 filiurn
504 1875 640 1928 matrem
656 1862 837 1934 interficere
851 1865 1002 1946 jusserat,
1027 1861 1081 1940 fef

81 1961 178 2030 balae
197 1966 259 2047 jam
279 1975 379 2053 capnt
396 1977 542 2032 versatur
560 1965 594 2030 in
613 1964 816 2047 dijudicanda
831 1962 905 2049 lite,
928 1977 1085 2054 utrorum¹

81 2063 208 2157 legibus
222 2065 339 2132 abhinc
354 2077 486 2135 unctor
500 2065 655 2132 homines.
756 2097 757 2104 ¹
1080 2121 1083 2129 .

159 2168 293 2236 Accitur
312 2167 455 2248 Athena,
486 2169 660 2260 sapientiae
682 2167 760 2253 den,
787 2180 886 2256 atque
903 2180 1081 2260 postquam

85 2269 126 2336 ab
152 2269 384 2338 Eumenidibns
412 2270 508 2341 etiam
533 2271 715 2340 certaminis
742 2272 838 2356 judex
862 2284 995 2363 accepta
1019 2283 1080 2355 est,

86 2370 149 2456 (cs.
161 2373 256 2438 Eum.
269 2377 352 2444 412.
366 2377 457 2453 413,
490 2398 557 2460 qno
568 2375 742 2465 posteriori
756 2397 850 2442 versn
862 2373 982 2442 scribes
1001 2377 1080 2442 aar

87 2476 115 2536 δ’
130 2471 194 2550 οὕς
231 2475 402 2558 σέβουσαι
424 2475 566 2562 γ’ἀξὶαν
592 2477 619 2546 τ’,
640 2477 812 2545 ἐπαξίων.
861 2477 996 2560 Σέρειν
1013 2476 1080 2542 aim

85 2575 182 2646 habet
202 2578 290 2644 verbi
315 2567 468 2662 ἀξίοῦν)
505 2602 604 2665 quum
623 2591 730 2647 tamen
755 2601 813 2644 sna
830 2603 869 2644 ex
887 2577 1080 2646 anctoritate

86 2676 174 2746 litem
195 2678 343 2746 dirimere
360 2704 428 2748 non
444 2681 577 2763 audeat,
603 2691 759 2748 convocat
770 2680 970 2750 Athenarum
987 2681 1081 2768 qussi

88 2781 217 2848 domino
241 2806 354 2848 senum
376 2782 607 2850 venerabilium
630 2796 840 2867 conventum,
877 2783 995 2870 quibus
1027 2807 1078 2850 res

88 2883 264 2950 dirimatur.
315 2885 465 2966 Quorum
483 2885 648 2952 sententiis
669 2910 769 2974 quum
791 2909 850 2976 par
868 2897 1080 2972 utrarumque

88 2983 193 3076 legam
220 2987 410 3071 auctoritas,
444 2988 553 3056 divina
576 2987 746 3055 clementia
770 2987 926 3054 liberatur
950 2985 1079 3056 Orestes

87 3111 108 3153 a
120 3085 231 3178 culpe,
256 3112 359 3176 eoque
372 3089 458 3158 facto
477 3093 541 3174 jam
554 3104 686 3158 naturae
700 3089 786 3182 leges
800 3090 834 3155 in
847 3087 992 3160 homines
1007 3113 1080 3156 anr-

88 3188 170 3282 plins
184 3187 296 3256 cadere
309 3205 476 3283 negantur.
527 3193 655 3259 Exemti
677 3191 921 3284 conspiciuntur
932 3185 1080 3258 homines

90 3317 126 3358 ex
138 3293 282 3384 gravium
293 3291 424 3362 illorum
436 3295 719 3362 subterraneornm
732 3297 902 3362 numinnm
909 3299 1080 3385 potestate,

90 3418 150 3482 qne
166 3395 229 3487 ipsi
247 3395 333 3462 anxii
352 3397 394 3463 ad
415 3409 533 3464 terram
547 3397 828 3492 deprimebantnr3
854 3400 981 3483 jamque
993 3395 1080 3464 libe-

91 3495 163 3564 siori
180 3497 298 3590 spiritu
317 3498 355 3564 iis
375 3500 494 3568 intueri
508 3499 584 3568 licet
604 3502 732 3585 vitam,
746 3502 859 3587 eoique
873 3499 973 3566 divini
985 3500 1080 3592 inge-

89 3599 133 3666 nii
150 3600 287 3668 consciis
304 3625 384 3670 esse.
432 3605 582 3690 Namque
599 3625 740 3697 corporo
759 3602 881 3672 subditi
896 3622 1000 3690 annn
1014 3603 1080 3670 sint

90 3701 218 3772 morin
230 3702 648 3802 diirraninafflympiais,
660 3756 664 3765 ‚
678 3703 1081 3802 huommpmviaita
