2510 4208
70 357 173 432 atque
188 343 292 423 divini
310 339 460 428 alicujus
457 342 606 412 numinis
622 345 861 438 generationem
880 369 940 446 per
956 343 1076 436 gradus

72 445 235 536 quosdam
254 443 1076 512 excolere..

149 549 294 634 Neque'
284 548 383 639 rgitur
401 547 582 638 respuendo
600 546 681 614 mihi
693 547 821 616 videtur
838 507 895 614 illu
907 548 1074 632 sententia,

74 673 175 738 qnam
189 649 404 718 Welckerus
394 671 429 716 ιιι
442 649 527 718 lihro
538 650 578 717 de
591 648 658 718 nil.
669 641 799 718 Aesch.
776 675 833 743 ..p
825 661 895 722 .92
916 651 956 716 ab
970 652 1073 718 arnico

72 765 243 846 acceptam
256 753 374 835 refert,
387 787 390 794 ·
401 777 464 838 qua
480 761 576 820 atrox
589 753 676 820 loris
690 753 815 820 animus
835 755 869 819 in
881 747 1075 820 Prometheo

72 856 184 922 vincto
199 877 291 940 quast
283 854 449 922 rudioris
469 853 520 922 dei
542 854 754 940 describitur,
776 879 832 942 qur
824 855 933 921 felici
946 880 985 922 cx
999 879 1074 921 cer-

71 957 195 1024 tamine
213 956 316 1024 elutus
339 957 435 1023 nimis
459 954 629 1024 violento
619 958 856 1048 imperiosoque
877 957 993 1050 spiritu
1012 957 1073 1024 suh

70 1083 199 1126 severus
219 1059 320 1146 iniqui
312 1059 485 1145 obsequii
503 1057 589 1150 leges
606 1060 715 1126 omnin
734 1083 865 1152 cogere,
889 1083 994 1146 neque
1008 1059 1073 1125 ho-

69 1161 231 1244 minibus,
253 1185 311 1228 seu
329 1160 499 1227 hominurn
518 1161 756 1252 propugnatori
777 1161 875 1228 divini
894 1162 1073 1248 quidquam

70 1263 248 1330 concedere
269 1263 381 1354 gestit,
415 1263 518 1330 donec
538 1263 653 1330 melius
676 1263 838 1330 edoctus
828 1287 861 1328 ιιι
878 1263 1074 1330 Prometheo

69 1363 183 1434 soluto
201 1388 310 1431 veram
330 1377 554 1452 sanctamque,
580 1387 678 1453 qnam
698 1365 951 1442 eitrihuendem
969 1363 1074 1431 voluit

71 1468 245 1559 imaginem
263 1466 459 1559 Aeschylus,
498 1468 643 1535 assumit.
703 1471 855 1564 Attamen
880 1465 1073 1534 Welclrerus

68 1569 158 1636 hanc
173 1569 314 1655 ¹quidem
339 1570 386 1634 rei
412 1569 774 1658 expositionem‘vernm
799 1593 868 1636 csse
890 1581 1002 1660 negat,
1033 1593 1074 1636 eo

68 1670 244 1764 principue
266 1669 364 1734 nisus
391 1665 597 1761 argomento,
633 1671 722 1758 quod
748 1695 878 1739 omnem
898 1673 1075 1738 titanoma-

71 1771 182 1841 chien
189 1771 380 1838 Hesiodeam
386 1795 453 1838 non
466 1773 623 1864 ingenuae
634 1797 765 1866 gracum
772 1771 988 1866 mythologice
995 1773 1075 1840 oen-'-

72 1886 143 1957 set,
166 1895 276 1940 verum
290 1885 404 1965 postea
423 1873 553 1940 demum
573 1900 611 1942 ex
632 1873 949 1942 aliunde-allatorum
965 1875 1076 1940 numi·

72 1999 154 2042 num
168 1988 265 2061 atque
280 2000 298 2042 e
312 1975 503 2066 Gigantum,
528 1999 609 2062 quos
630 1978 737 2066 primo
758 1977 846 2066 ipsos
859 1977 993 2042 Titanes
1009 1999 1074 2043 no-

74 2076 331 2158 minatossuisse,
346 2077 549 2144 concretione
556 2077 945 2170 prognotamarbitratur,
965 2079 1074 2165 itaquo

74 2203 151 2246 cum
169 2202 273 2264 neque
297 2177 507 2270 Aeschylum,
532 2203 628 2265 quem
648 2180 770 2272 optime
789 2179 918 2272 mythos
936 2205 1074 2272 perspe-

74 2295 146 2350 ctos
166 2280 317 2346 habuisse
335 2293 446 2371 putat,
485 2279 532 2346 illi
558 2282 805 2348 titenomachiae
824 2283 1074 2348 reconditiorem

74 2407 205 2450 sensnm
216 2381 330 2449 elicere
346 2381 486 2460 uoluisse
500 2383 672 2450 verisimile
686 2386 737 2466 sit,
760 2397 857 2470 atque
869 2397 978 2450 temen
991 2379 1075 2450 eurr-

74 2487 151 2554 dem
162 2484 311 2578 plurimis
326 2484 407 2552 locis
427 2509 464 2552 ea
477 2486 516 2551 de
529 2509 564 2551 re
578 2484 766 2572 loquentem
779 2509 963 2569 cernemus,
989 2509 1027 2552 eo
1039 2487 1073 2552 id

74 2587 189 2655 fecisse
201 2587 337 2654 consilio
352 2599 461 2654 censet
475 2585 679 2668 Welclrerus,
699 2611 765 2674 quo
777 2589 968 2680 theogoniae
982 2588 1073 2654 illam

75 2690 116 2756 de
144 2689 258 2756 divinis
286 2689 382 2756 rebus
411 2689 644 2779 expositionem
670 2690 815 2758 irrideat.
878 2691 960 2758 Mihi
986 2713 1073 2773 vero,

75 2792 202 2860 etiarnsi
215 2789 329 2856 illam
320 2817 354 2858 m
366 2790 557 2858 Prometheo
576 2791 686 2858 vincto
700 2791 785 2859 Jovis
797 2791 1074 2875 deformationem,

75 2919 114 2960 ex
129 2906 222 2985 purte
241 2892 468 2976 necessarium,
494 2915 533 2958 eo
552 2894 624 2984 ipso
643 2896 706 2978 jam
725 2896 924 2998 improbasse
943 2907 1075 3000 poetam

75 2995 311 3114 contenderim,
337 2996 426 3084 quod
444 2996 592 3082 sequenti
610 2996 801 3064 dramate
773 3022 802 3062 er
820 2991 983 3063 diversum
994 3019 1075 3063 om

75 3099 154 3164 nino
181 3097 344 3188 ingenium
372 3097 525 3164 indidisse
559 3110 700 3180 constat,
736 3121 940 3186 nequaquam
966 3112 1075 3166 tamen

75 3198 211 3266 irridere
231 3197 370 3266 voluisse
389 3198 533 3266 fabulam
551 3221 622 3266 eam
648 3212 771 3268 certum
792 3203 933 3280 videtur,
969 3224 1074 3287 neque

77 3299 210 3392 singulis
229 3299 327 3384 locis,
358 3303 475 3388 quihus
493 3300 535 3367 od
558 3313 721 3372 certamen
744 3301 827 3372 illud
848 3303 980 3387 alludit,
1004 3326 1074 3370 rem

75 3403 217 3470 ludibrio
235 3403 384 3470 habuisse
403 3404 542 3473 videtur.

152 3505 252 3588 Quod
262 3506 304 3570 nd
318 3505 416 3572 hosce
430 3506 518 3574 enim
536 3505 680 3598 singulos
694 3506 801 3591 locos,
827 3506 1076 3576 discernendum

76 3609 220 3676 arbitror
232 3631 270 3674 ec
283 3609 317 3674 in
330 3631 366 3675 re
378 3608 530 3676 intereos
544 3609 635 3676 chori
649 3623 745 3696 etque
757 3611 903 3702 ipsorum
916 3625 1075 3678 actorum.

77 3712 225 3800 Namque
251 3710 343 3780 chori
362 3708 461 3800 locis,
486 3711 610 3798 quibus
628 3710 717 3788 illius
742 3713 927 3782 certaminis
952 3712 1075 3790 mentio
