2510 4208
663 114 707 186 4,

183 317 353 414 Supiplicts
373 325 422 386 th'
441 317 556 384 Persae
578 319 769 407 supersunt,
807 313 1059 408 perfectissimus
1086 315 1195 386 facile
1236 341 1237 346 ¹

183 425 330 495 videatur
349 418 526 512 Aeschylus
544 417 710 510 plurimis,
734 418 825 506 quod
842 418 877 484 in
892 419 931 485 iis
951 417 1087 488 molesta
1108 445 1196 488 eum

184 553 252 597 non
265 523 347 592 male
361 524 475 590 babuit
488 522 739 614 repraesentatio
755 521 904 612 ipsorum
915 521 1062 588 deorum.

261 631 354 711 Quae
371 627 435 692 duo
454 647 570 716 genera
587 647 688 708 quum
705 625 816 715 paucis
840 622 1087 708 absolverimus,
1114 637 1193 692 ter·-

185 733 268 800 tium
287 741 403 810 restat,
429 727 482 792 cui
501 729 603 815 major
623 749 698 792 sane
717 727 888 792 tribuenda
907 727 969 792 erit
983 750 1071 794 cura.
1124 729 1192 793 Est

185 858 261 902 vero
281 831 362 898 illud
382 832 471 912 cujus
483 851 640 920 muscose
659 828 777 894 mixtae
797 829 1041 920 conspiciuntur
1059 853 1100 894 ex
1121 829 1190 894 diis

185 951 282 1024 atque
294 933 491 1012 hominibus,
517 930 573 996 ubi
585 931 693 996 divina
704 931 838 998 numina
849 943 1033 1000 terrestrem
1046 930 1190 1022 mytho—

185 1039 289 1130 logice
301 1035 440 1101 sormam
452 1032 615 1098 induentis
624 1046 735 1124 aperte
748 1033 1188 1115 commonstrantvimsnam,

186 1163 283 1228 quam
302 1147 470 1204 exerceant
489 1135 523 1200 in
542 1133 712 1202 hominum
732 1137 842 1202 vitam.
890 1135 1017 1218 Quibus
1038 1137 1186 1204 emistis

185 1239 358 1334 tragoediis
386 1235 480 1306 facile
505 1250 755 1328 recognoscatur
781 1251 815 1304 et
841 1237 1047 1304 cohaerentia
1071 1239 1186 1328 spicae

185 1344 292 1438 poesis
314 1354 347 1408 et
365 1340 566 1408 dramaticus.
617 1343 723 1426 Atque
741 1362 818 1406 vero
836 1352 973 1431 propter
991 1339 1055 1406 boc
1073 1340 1187 1432 ipsum

186 1447 367 1513 dramatum
393 1467 493 1534 genus
520 1443 712 1510 sectatorem
731 1442 865 1508 Homeri
885 1440 1088 1534 appellatum
1111 1467 1184 1510 esse

185 1547 267 1641 puto
281 1543 477 1639 Aeschylum
489 1568 556 1612 nou
568 1557 704 1637 propter
716 1567 912 1626 sermonem,
938 1568 1004 1632 quo
1024 1558 1062 1612 ut
1083 1545 1185 1612 Wel-

186 1649 300 1716 olmru‘s
317 1647 468 1728 'monuit,
491 1648 644 1739 propior
668 1649 811 1714 Homero
836 1645 1031 1738 Sophocles,
1075 1671 1185 1734 neque

186 1765 293 1820 tamen
306 1761 443 1841 propter
455 1747 638 1815 fabularum
657 1747 834 1830 delectum,
859 1761 897 1814 ut
916 1749 986 1840 ipse
1003 1750 1185 1832 contendit,

186 1878 287 1941 quum
307 1873 411 1939 neque
429 1847 608 1942 Sophocles
626 1873 731 1936 neque
742 1848 914 1942 Euripides
935 1850 1083 1918 alabulis
1097 1853 1186 1944 epici

185 1955 319 2022 minoris
338 1952 421 2047 cycli
435 1953 665 2034 abstinuerint,
688 1953 797 2040 oeque¹
807 1953 940 2020 omnino
954 1951 1186 2022 delectamur-

185 2068 429 2150 gumantornm,
466 2056 529 2122 nisi
554 2079 697 2147 congrua
718 2056 887 2122 accesserit
912 2056 1076 2138 tractatio,
1116 2056 1184 2126 hoc

186 2181 366 2250 cognomen
378 2155 537 2249 Aeschylo
551 2181 666 2248 parare
680 2157 839 2248 potuisse,
864 2158 900 2224 in
911 2170 1026 2248 aperto
1038 2159 1094 2226 sit.

265 2263 384 2326 Verum
402 2259 621 2345 quaerendum
633 2283 720 2325 nunc
739 2260 811 2342 erit,
836 2260 1034 2346 quaratione
1046 2261 1082 2328 in
1090 2261 1185 2330 hisce

185 2363 266 2454 ipsis
278 2360 395 2428 sabulis
409 2359 587 2453 Aeschylus
602 2361 716 2428 divinis
737 2360 800 2426 illis
813 2362 997 2428 numinibus
1014 2387 1091 2428 usus
1105 2363 1185 2432 fue-

184 2467 248 2545 rit,
271 2463 322 2531 vel
343 2488 500 2550 quasnam
519 2463 558 2529 iis
581 2475 688 2556 partes
709 2463 892 2546 tradiderit,
918 2467 1129 2550 etquomodo
1142 2491 1186 2534 ea
1243 2527 1244 2530 ,

184 2567 278 2653 quasi
296 2565 439 2632 tinxerit.
500 2567 631 2632 Poterat
654 2567 741 2632 enim
765 2565 816 2633 vel
836 2566 954 2634 tradita
974 2567 1111 2634 deorum
1128 2570 1185 2635 in-

184 2671 292 2760 genia,
322 2669 418 2734 sicuti
436 2693 474 2734 ex
493 2668 592 2758 epicis
612 2668 807 2736 carminibus
824 2669 1068 2736 Atheniensium
1090 2672 1184 2763 genti
1243 2737 1244 2760 ,

184 2773 406 2850 innotuerant,
430 2793 571 2854 servare,
595 2768 646 2837 uel
664 2771 761 2838 etiam
779 2770 821 2838 ad
838 2771 1009 2838 arbitrium
1027 2795 1125 2840 sumn
1144 2799 1186 2840 ea

184 2885 399 2952 commutare,
417 2883 547 2964 poterat
558 2873 672 2955 deinde
685 2874 763 2965 ipsis
776 2875 836 2939 diis
849 2873 1074 2942 tautummodo
1087 2878 1184 2964 qnasi

183 2975 340 3040 machinis
361 2975 426 3056 uti,
459 2975 575 3060 quibus
596 2974 723 3041 subulae
749 2976 909 3042 actionem
929 2975 1184 3062 conderet,¹vel

183 3099 239 3143 eos
253 3093 327 3143 rere
339 3077 521 3168 tragoediae
534 3099 687 3168 personas
703 3080 837 3168 tragicas
846 3099 1048 3171 proponere.
1097 3081 1184 3148 Cer-

183 3191 254 3246 tum
272 3179 455 3270 igiturest,
477 3179 546 3245 duo
566 3179 683 3246 harum
700 3179 938 3274 tragoediarum
955 3182 1185 3266 constituenda

183 3305 251 3348 esse
266 3303 395 3373 genera.
987 3307 991 3315 ¹

196 3411 200 3422 ·
259 3385 408 3466 Quonam
426 3379 564 3456 alterum
582 3380 666 3448 illud
683 3383 762 3468 erit,
787 3386 877 3469 cujus
895 3386 1032 3452 deorum
1049 3385 1187 3478 ingenia·

183 3508 221 3552 aa
241 3498 365 3553 servata
384 3497 477 3570 sunt,
510 3508 592 3570 quae
617 3487 656 3552 ex'
677 3487 811 3554 Homeri
831 3488 1026 3556 carminibus
1048 3491 1186 3582 cogru'ta

181 3599 292 3672 eraut,
314 3585 371 3652 ubi
389 3587 488 3676 igitur
505 3588 583 3654 deos
601 3587 701 3655 veluti
722 3588 858 3656 mcum
875 3591 1035 3678 quandam
1047 3603 1181 3684 gentem

180 3703 277 3782 poeta
291 3689 325 3757 in
336 3688 465 3757 scenam
477 3691 618 3776 inducit,
643 3692 746 3780 iisque
758 3694 1183 3788 mancipersonisutitur,
