2510 4208
647 127 709 200 u

178 334 370 434 pendissent
389 331 506 400 ebluiuo
523 331 636 398 animo
643 329 824 400 hamtuo'
812 353 902 452 rpem
914 355 987 402 suas
1005 329 1068 402 dui
1084 332 1182 428 leges

177 441 313 532 fingere,
338 435 468 524 quihus
476 433 637 502 societatis
656 431 828 526 legibus
801 456 830 500 ιι
845 433 918 521 qais
935 459 1072 529 apoeaa
1085 435 1187 506 libe-

177 555 268 610 ratns
285 553 350 623 ast,
367 537 536 605 '’deorum
525 558 606 602 rrum
627 535 896 626 (παλίγκοτον)
919 539 1097 624 residuum,
1134 564 1180 608 ne

176 645 212 712 iu
223 657 390 738 posterum
401 652 565 731 erumpat,
591 642 655 722 jam
668 637 782 706 timere
798 663 873 706 eom
885 663 952 708 non
965 655 1106 732 oportet.

186 781 191 792 ·
255 746 399 832 Denique
418 753 452 809 et
469 742 556 832 ipsae
577 739 652 808 illue
678 743 806 823 σεμναὶ
826 745 909 809 θεαὶ
928 743 970 808 ιδ
993 741 1177 835 pristinum

177 871 272 918 suum
291 869 410 914 munus
428 843 581 926 redeunt,
610 855 708 930 utque
734 845 832 910 missa
849 844 1017 912 hominum
1036 847 1177 930 iurisdi-

176 954 283 1021 ctione
296 961 428 1016 naturae
442 944 583 1032 reliquae
597 946 797 1038 praesident,
827 969 894 1034 quo
906 945 1012 1014 suetus
1030 948 1176 1017 edantur

175 1051 362 1123 animalium
374 1049 449 1134 justi
468 1060 500 1114 et
512 1046 643 1138 plantae
654 1059 687 1114 et
702 1050 803 1117 totins
814 1061 946 1116 naturae
958 1071 1010 1116 res
1022 1049 1174 1118 homiui-
1241 1047 1242 1060 ¹

173 1157 241 1226 bus
253 1165 330 1248 apte
349 1163 581 1234 maturescant,
606 1149 695 1236 quod
715 1149 754 1218 iis
773 1174 890 1220 munus
910 1164 944 1220 et
962 1153 1172 1226 Hermaeum

175 1281 289 1351 opusc.
307 1255 349 1324 ll.
374 1279 408 1347 p·
431 1263 500 1326 177
528 1253 563 1320 in
581 1252 708 1322 dissert.
730 1252 771 1322 de
788 1253 895 1348 Myth.
915 1259 974 1324 Gr.
997 1279 1109 1324 earum
1127 1282 1171 1324 ex

172 1361 304 1430 nomine
328 1357 452 1428 tribuit.

518 1546 817 1558 ...η-η*

248 1679 359 1751 Liceat
384 1676 521 1774 denique
550 1675 692 1745 thesium
722 1675 796 1745 loco
823 1679 1038 1748 correctiones
1066 1693 1167 1769 atque

171 1787 371 1870 conjecturas
384 1780 532 1848 locorum
541 1779 666 1868 aliquot
677 1779 905 1866 {obscuriorum
918 1782 1047 1852 addere.
1097 1787 1167 1852 De·

172 1899 319 1979 sumptae
342 1907 396 1950 eae
417 1883 554 1949 murima
573 1905 612 1949 ex
630 1894 723 1974 parte
741 1906 779 1949 ex
791 1885 1030 1974 Agamemnone
1044 1885 1167 1970 sabula,

168 1989 291 2073 adjecta
305 1985 475 2068 Ktauseni,
499 1985 664 2053 novissimi
676 1985 807 2053 editoris
823 1983 979 2069 lectione;
1004 1987 1110 2054 nullas
1122 2013 1164 2056 ex

169 2089 372 2182 Choephoris
393 2087 416 2154 l.
430 2087 556 2169 addidi,
581 2110 682 2175 quum
698 2091 764 2171 ejus
785 2086 912 2154 tabulae
925 2087 1079 2157 Klauseni
1091 2091 1165 2156 edi-

168 2193 216 2262 tio
239 2191 318 2258 mihi
336 2190 378 2256 ud
393 2211 506 2256 manus
526 2213 594 2256 uon
614 2189 729 2271 tuerit,
765 2189 937 2257 nonnullas
961 2191 1098 2279 denique
1122 2217 1163 2261 ex

168 2291 437 2362 Eumenidibusf.
455 2273 568 2376 adjeci.
631 2291 793 2357 Veronam
811 2315 963 2360 numerus
984 2295 1163 2363 secundnm

168 2399 219 2466 ed.
238 2393 431 2464 Wellaueri.

218 2515 247 2582 L
270 2515 308 2582 In
325 2511 571 2604 Agamemnonis
592 2507 615 2578 s.
629 2508 767 2604 prologo
786 2507 1011 2580 Klausenius'
1000 2541 1035 2582 ιιι
1052 2517 1162 2584 omni-

269 2615 330 2683 bus
351 2615 417 2681 sere
438 2614 583 2702 sequitur
602 2613 652 2678 ed.
670 2611 859 2682 Welluusri.
913 2615 997 2683 Mihi
1017 2643 1092 2686 vero
1116 2621 1162 2687 ita

269 2717 475 2785 scribendum
494 2715 637 2783 videtur:

273 2834 385 2901 Θεούς
403 2828 471 2917 μὲν
490 2834 582 2897 αἰτῶ
602 2833 707 2900 τῶνδ’
728 2832 949 2922 ἀπαλλαγὴν
966 2830 1100 2900 ιιὸνοιν·

269 2935 494 3026 φρουρᾶςδ
520 2933 632 3000 inim
656 2939 789 3018 μῆκος,
817 2933 864 3021 ἤν
884 2935 1109 3019 κοιμώμενος

268 3041 423 3142 Στεγαιι
440 3039 626 3119 Ἀτρειδῶν
651 3033 814 3124 ἄγκαθεν
833 3037 945 3104 κυνὸς
964 3041 1083 3125 δίκην,

174 3211 180 3218 ,
262 3125 419 3248 Ἀριραιν
439 3135 593 3205 κάτοιδα
613 3141 803 3220 νυκτέρων
824 3137 1020 3229 ὁμήγυριν,

194 3273 228 3342 6.
265 3265 328 3337 καὶ
349 3256 436 3341 roais
456 3258 636 3344 φέρονται
655 3267 762 3342 χειρα
780 3262 842 3325 καὶ
861 3260 969 3342 θέρος
986 3265 1134 3346 βροτοῖς

178 3427 181 3434 .
267 3355 488 3458 Λαμαρους
487 3355 688 3436 δυνάσται,Ι
712 3361 957 3458 ἐραρέιιοντας
975 3367 1094 3445 αἰθέρι

193 3466 438 3555 Ἀρτέρας,
474 3460 564 3540 ὅταν
584 3467 769 3549 φθίνωσιν
787 3448 944 3538 αντολας
956 3488 1012 3543 rs
1020 3471 1105 3534 sair·

171 3634 182 3657 a
253 3605 330 3670 ¹mol
342 3602 484 3666 vorata
505 3599 685 3690 opponitur
696 3597 821 3692 vigiliae
832 3599 881 3668 illi
894 3623 1030 3672 ιιιιιιιιιο.
1053 3607 1155 3672 Versu

171 3723 197 3761 ι.
237 3699 699 3800 mdortiusiaterpuuxi
710 3713 788 3792 post
798 3697 947 3782 udum„
964 3704 1155 3776 Particularia
