2510 4208
134 1309 265 1451 Quum
290 1355 431 1424 scribere
463 1355 687 1426 constituerim
711 1355 752 1426 de
776 1375 872 1429 sensu
898 1360 1054 1446 interiori,

41 1461 112 1548 qui
133 1461 279 1526 Orestine
298 1457 399 1528 veluti
424 1457 589 1528 vinculum
608 1460 776 1543 inserviat,
805 1486 871 1548 quo
895 1461 930 1532 in
953 1488 1055 1532 unum

43 1562 148 1650 quusi
163 1585 283 1653 corpus
298 1564 519 1644 continentur,
550 1558 602 1626 vel
622 1563 650 1630 si
669 1563 715 1630 itu
732 1561 867 1650 elarius,
892 1565 932 1632 de
951 1567 1055 1659 signi-

44 1665 207 1732 ficatione
229 1663 411 1730 certaminis
432 1661 518 1730 illius
538 1662 655 1747 divini,
687 1689 752 1753 quo
777 1666 813 1737 in
837 1666 899 1736 hue
923 1667 1054 1760 trilogiu

45 1767 173 1833 misero
202 1766 323 1832 Orestis
350 1766 494 1834 conditio
522 1765 727 1858 explanetur,
763 1767 859 1838 licent
885 1783 980 1838 antee
1011 1771 1052 1838 de

46 1866 208 1961 Aeschyli
226 1867 328 1959 ipsius
348 1869 434 1936 inter
451 1891 582 1961 graecos
598 1881 709 1958 poetes
729 1868 804 1938 loco
825 1893 930 1962 pauco
947 1895 1052 1964 expo-

47 1995 152 2052 nere,
183 1993 265 2056 quse
290 1969 465 2036 absolvisse
497 1993 549 2036 me
568 1982 680 2060 putes,
711 1971 738 2038 si
763 1973 830 2055 ejus
847 1984 952 2044 ntem,
974 1985 1052 2042 tun-

47 2095 152 2160 quam
171 2071 324 2138 verticem
342 2083 562 2163 proposuero,
586 2070 621 2138 in
633 2073 848 2158 quemonnis
861 2099 1050 2168 graecorum

49 2174 275 2260 antiquiorum
293 2173 400 2265 poesis
419 2172 654 2242 conscenderit.

130 2276 239 2343 Poesis
264 2276 350 2343 enim
376 2289 479 2344 artem
503 2274 639 2370 lyricum
668 2275 785 2346 merito
816 2278 955 2370 primum
978 2290 1050 2346 stu.-

49 2389 153 2446 tnunt
169 2377 323 2462 eluxisse,
348 2379 447 2446 animi
464 2378 598 2445 humani
618 2377 727 2446 divino
745 2379 858 2446 afflatu
870 2379 1050 2450 vaticinan-

51 2482 99 2548 tis
114 2481 320 2573 progeniem,
351 2505 417 2567 quo
438 2493 565 2548 tuntum
585 2480 683 2548 modo
709 2479 858 2554 sabulosa
880 2481 928 2550 vis
952 2483 1049 2574 prin-2

54 2584 177 2674 cipum,
202 2582 259 2669 qui
272 2582 432 2676 mythicue
444 2583 541 2650 uenti
555 2583 754 2668 tribuuntur,
772 2595 943 2676 poetarum
953 2607 1049 2677 grue-

54 2708 169 2752 corum
187 2683 342 2776 explicari
358 2685 480 2777 possit,
512 2669 614 2771 lpuum
637 2684 784 2754 homiues
807 2686 954 2756 rudiores
978 2688 1049 2754 sina

55 2809 130 2854 cern
148 2811 206 2854 sur
227 2810 267 2852 ex
285 2788 357 2877 ipso
378 2787 470 2873 quusi
489 2786 614 2854 divinoe
632 2787 797 2878 potentiue
814 2801 949 2880 aspectu
964 2813 1048 2881 pro·

54 2901 205 2957 mununtc
223 2889 400 2981 rapideque
419 2889 565 2956 oratione
589 2888 624 2956 in
647 2889 782 2958 deorum
806 2890 1048 2978 quodammodo

57 3004 250 3058 conventum
280 3004 378 3078 utque
407 2992 451 3059 ud
483 3014 641 3060 summum
667 3015 781 3061 eorum
809 2992 1048 3064 venerationem

56 3091 183 3160 allicere
200 3091 428 3162 intellexerint.
491 3095 614 3162 Verum
633 3093 727 3161 sicuti
747 3095 782 3160 in
799 3093 1048 3182 uniuscujusque

58 3195 121 3262 ritu
149 3195 248 3262 modo
285 3193 381 3263 ultius
420 3197 562 3264 occurrit
593 3195 737 3266 studium
768 3195 868 3267 divin
886 3196 1048 3280 numinis,

58 3296 154 3364 modo
175 3296 337 3364 delebitur
359 3297 499 3366 hominis
522 3298 687 3391 ingenium
710 3298 810 3396 magis
836 3297 879 3372 ud
896 3297 1049 3382 jucundi-

59 3411 137 3468 tates
155 3411 259 3468 terreo
279 3400 528 3470 conciderundus
552 3400 857 3499 percipiendusquo,
888 3401 940 3490 sic¹
953 3401 1049 3478 etium

62 3514 199 3570 totarum
218 3503 253 3568 in
270 3503 416 3595 gentium
433 3503 516 3571 vitre
535 3502 807 3572 vicissitudinibus
823 3527 912 3572 nunc
929 3527 969 3572 ex
988 3503 1051 3578 ‹lo-

63 3603 173 3672 siderio
193 3606 297 3697 gravis
320 3601 456 3690 alicuius
472 3603 594 3674 tutelae
612 3629 723 3674 sensus
747 3605 848 3698 nugis
869 3607 1051 3676 excitentur

62 3706 380 3802 upiruutosdirinum
391 3705 508 3777 virium
518 3708 769 3792 contentionem,
780 3708 1052 3784 nunusouuriori-

685 3870 701 3932 1
