2510 4208
203 363 291 456 apud
304 357 499 455 Aeschylum
510 359 672 430 invenitur
689 357 926 452 tragoediarum
938 381 1056 452 genus,
1079 359 1213 448 quibus

203 465 343 534 rationes
362 464 492 534 demum
509 461 597 548 illas,
629 485 711 550 quae
735 462 820 530 inter
840 462 917 530 deos
936 463 1158 532 ‘intercedent
1182 478 1214 533 et

194 567 362 650 homines,
378 564 581 658 explicandas
596 565 659 633 sibi
670 565 862 660 proposuit,
886 565 1002 651 inquo
1017 568 1213 656 posteriorc

205 669 387 738 dramatum
398 692 513 761 genere
526 681 611 735 certe
625 667 758 736 liberior
772 679 887 760 poetae
900 667 1131 735 concedendus
1146 671 1213 736 erit

205 797 281 839 usus
293 773 461 838 numinum
474 771 672 854 divinorum,
697 793 798 856 quum
818 770 853 836 in
870 769 910 836 iis
927 772 991 854 jam
1011 793 1079 836 non
1094 795 1213 864 appa-

204 886 297 941 reant
319 873 410 960 quasi
433 871 659 964 imperatores,
689 885 831 958 quorum
849 882 933 938 nutu
956 895 1008 938 res
1031 887 1212 964 geruntur,

204 999 316 1042 verum
335 973 517 1066 tragoediae
536 974 765 1066 vere'tragicae
785 997 957 1066 personae,
988 997 1134 1061 quarum
1154 977 1211 1042 iu-

205 1081 297 1170 geniu
312 1087 348 1146 ‚et
369 1065 569 1144 conditiones
589 1077 661 1168 ipso
684 1076 815 1142 demum
833 1075 1015 1168 tragoediae
1034 1076 1101 1144 fine
1124 1077 1211 1144 illu-

205 1191 359 1246 strentur.
407 1175 519 1265 ltaque
537 1201 604 1246 non
617 1169 932 1246 modo'concedenda
952 1179 1008 1244 sed
1020 1181 1210 1246 necessaria

197 1279 331 1348 uidetur
350 1279 437 1347 hisce
456 1279 491 1348 in
509 1279 680 1373 trugoediis
700 1279 914 1347 conformatio
928 1291 1023 1366 atque
1034 1283 1208 1372 generatio

196 1383 362 1469 quaedam
381 1381 533 1466 deorum,
558 1407 661 1471 eoque
679 1382 778 1474 magis
798 1407 839 1448 ne
855 1381 1026 1473 allegorica
1045 1381 1207 1450 dramatis

196 1483 253 1550 ¹uis
272 1495 468 1575 spectatores
482 1482 591 1552 lateat.
640 1485 790 1570 Namque
802 1503 903 1570 quum
921 1509 950 1549 a.
961 1507 994 1576 g.
1006 1495 1103 1576 poeta
1119 1485 1204 1552 fines

206 1584 386 1652 describere
404 1583 499 1669 velit,
523 1611 690 1675 quousque
709 1586 879 1656 hominum
896 1585 978 1654 vires
997 1587 1051 1678 pie
1067 1589 1206 1656 extendi

196 1687 347 1779 possint,
378 1699 475 1774 atque
487 1687 596 1764 ‘altera
616 1713 655 1754 ex
674 1701 791 1780 purte,
816 1687 971 1775 quamde
989 1711 1118 1758 summo
1141 1691 1204 1758 deo

205 1788 374 1858 bominum
386 1789 499 1856 animis
510 1787 703 1882 infigendum
722 1802 850 1858 censeat
866 1789 1052 1882 imaginem,
1076 1815 1145 1879 qno
1165 1819 1204 1860 ea

206 1891 349 1960 dramate
374 1903 621 1976 commonstret,
652 1904 739 1960 certe
764 1890 836 1962 illas
865 1893 1094 1976 conditiones,
1119 1919 1203 1980 quas

206 1993 322 2078 cuique
345 1995 569 2066 attribuendas
591 1994 781 2078 arbitratur,
812 2019 831 2062 e
857 1995 1029 2062 certamine
1056 1997 1203 2082 quodam

205 2107 389 2186 procreatas
415 2095 536 2188 lingere
561 2096 673 2180 debctt
712 2101 802 2184 cujus
822 2097 1005 2166 certaminis
1023 2111 1203 2188 postquam

205 2218 298 2264 ansae
311 2197 461 2288 exposuit
472 2210 573 2284 atqne'
582 2199 739 2282 rationes,
764 2199 993 2284 quaeuntehue
1015 2201 1201 2268 interdeos

204 2297 414 2386 hominesque
425 2298 680 2383 intercesserant,
704 2300 820 2367 deinde
834 2313 988 2387 utrosque
997 2303 1103 2386 'justus
1118 2303 1201 2371 lines

205 2413 429 2493 superaturos,
468 2401 613 2489 denique·
636 2403 814 2494 ingenium
830 2415 1027 2472 assumentes
1059 2427 1200 2492 aequum

204 2515 385 2572 monstrare
399 2529 473 2572 eum
485 2517 648 2597 oporteat,
673 2517 710 2572 et'
725 2529 791 2590 quo
805 2505 1023 2574 vehementius
1041 2507 1122 2574 duae
1135 2508 1199 2576 bae

205 2602 439 2673 discordiarum
463 2619 496 2674 et
519 2605 789 2674 reconciliationis
813 2607 966 2699 imagines
989 2608 1122 2690 distant,
1158 2637 1198 2679 eo

206 2703 332 2780 facilius
345 2706 554 2800 allegoricum
562 2735 632 2778 case
640 2709 750 2778 drama
762 2710 1199 2804 aspectatoribusperc‘ipie-

196 2819 270 2884 ‘tur-
301 2810 524 2880 Necessarium
535 2835 636 2903 porro
649 2837 688 2879 ex
700 2811 738 2878 iis
753 2836 834 2898 quae
847 2811 922 2896 dixi,
943 2811 1144 2905 intelligitur,
1163 2817 1198 2882 in

204 2911 362 2995 ejusmodi
380 2912 553 3004 tragoediis
570 2925 668 3004 poeta
685 2939 704 2980 e
722 2913 921 3004 temporibus
941 2914 1087 2982 ordietur
1099 2916 1197 2984 subu-

192 3009 284 3095 ·lm,
317 3037 399 3101 quae
417 3013 773 3108 legitimumuocieutis
796 3015 954 3082 humanae
977 3017 1195 3087 conditionem

199 3127 467 3198 antecesserunt„
481 3117 566 3186 unde
578 3117 707 3187 demum
717 3138 827 3184 rerum
838 3117 1052 3186 humanarum
1064 3120 1195 3189 rudium

190 3218 285 3284 -ordo
304 3217 437 3306 quidam
454 3219 634 3288 invehatur.
689 3219 801 3306 ltaque
821 3231 855 3286 et
871 3219 1067 3314 Aeschylus,
1093 3247 1193 3309 quum

201 3332 300 3411 poete
318 3319 416 3388 lucr-it
432 3344 580 3412 graecus,
605 3345 644 3386 ex
657 3325 746 3405 cujus
764 3321 866 3413 gentis
880 3321 1081 3414 mythologie
1098 3325 1193 3415 prin-

202 3422 323 3513 cipium
340 3445 437 3490 omne
454 3422 617 3517 religionis
637 3436 671 3490 et
689 3422 797 3516 legum
815 3448 835 3490 a
853 3425 931 3492 rixis
953 3423 1018 3492 illis
1037 3426 1192 3496 Titanum

200 3523 285 3592 iuter
308 3537 404 3614 atque
432 3525 509 3594 deos
526 3525 713 3620 Olympicos
739 3526 831 3612 quasi
858 3549 897 3592 ex
919 3525 1030 3594 limine
1051 3529 1192 3615 quodum

199 3649 364 3718 egressum
375 3627 589 3720 conspicitur,
615 3641 841 3696 coactuscerte
855 3639 939 3710 erat,
964 3629 1190 3722 inallegoricis

200 3721 367 3813 ejusmodi
377 3731 548 3825 tragoediis
558 3729 611 3802 ‘ab
625 3728 691 3803 illis
708 3729 805 3807 etiam
817 3731 1027 3826 temporibus
1039 3731 1194 3828 incipere,
