2510 4208
173 359 336 454 quaquam
353 365 538 460 prohandu,
565 369 666 454 quum
687 364 862 461 mair—'pic
880 367 999 452 ntizpqi
1020 368 1075 434 di-

143 489 146 498 *
175 479 266 536 ctum
280 489 347 537 non
358 467 454 536 facile
465 469 655 554 inveniatur,
668 489 773 557 nequa
783 469 916 536 omniuo
929 469 1073 538 decerto

173 571 286 658 aliquo
296 585 444 666 ternpore
464 571 640 660 quidquam
652 571 782 665 'cogniti
792 571 913 639 habere
927 572 1074 640 uideatur

175 674 311 758 chorus,
336 675 400 764 (cf.
415 699 446 742 v.
464 679 567 760 125.)
591 673 904 761 nequeillecuaou,
929 674 1073 762 utique-

173 775 274 860 uitur,
299 801 421 844 anunm
435 775 556 869 vigilias
572 778 698 869 egisset.

60 911 117 978 IV
118 955 129 978 .
154 913 313 1003 119809-
340 911 412 997 (Kl.
428 917 535 998 293).
583 911 797 1016 scribendum
810 909 952 978 videtur:

174 1025 319 1115 Λόγους
334 1031 362 1094 δ’
379 1019 536 1096 duodena
550 1025 678 1096 roaisde
693 1021 981 1110 κάποθαυμάσαι

174 1133 377 1215 Araccaeis,
406 1133 539 1214 θέλοιμ’
556 1129 619 1207 ἄν,
649 1126 963 1218 ώςλέγοιςπάλιν.

173 1249 231 1318 ubi
251 1275 377 1318 comma
396 1245 531 1332 uWetl.
554 1263 587 1318 et
602 1247 778 1318 Klausenio
798 1259 876 1341 post
895 1251 1071 1332 διηνεκῶς

175 1353 480 1420 οηιίεειιιη,εεηειιιη
498 1351 662 1422 obscurat.
710 1349 885 1444 Neglectae
897 1351 1071 1441 interpun-

176 1455 292 1522 ctionis
319 1453 376 1522 uhi
395 1480 526 1522 sensum
551 1451 722 1548 pervertit3
753 1451 872 1521 addere
896 1451 951 1520 hic
975 1451 1071 1520 liceat

156 1605 159 1614 .
174 1557 333 1624 nonnulla
352 1555 510 1648 exempla.

10 1755 13 1762 .
122 1691 185 1781 Ag.
199 1697 284 1761 724.
309 1689 387 1774 (Kl-
403 1696 508 1778 688).
555 1689 659 1758 well.
678 1704 711 1759 et
729 1689 922 1759 Klansenius
943 1711 1070 1757 comma

173 1803 304 1884 ponunt
320 1804 398 1884 post
420 1789 605 1870 τελευτὰς,
633 1817 735 1882 coque
753 1791 878 1860 inducti
893 1791 1068 1872 παρακλί-

173 1910 293 1960 νουσα
314 1907 461 1978 vertunt,
492 1895 663 1962 deflectens
684 1921 727 1961 sc.
753 1893 917 1961 fortunam
942 1893 976 1958 in
998 1917 1068 1958 rem

173 1995 303 2062 ruralem.
347 1997 469 2062 Verum
482 1995 719 2064 intransitivum
732 2014 839 2062 sumas
853 1993 918 2062 hoc
933 1994 1068 2060 verbum

173 2095 293 2164 omisso
317 2109 491 2181 commate,
526 2111 622 2184 atquc
641 2109 762 2164 vertas:
804 2093 965 2164 adclinata
990 2119 1066 2162 vero

172 2199 310 2292 perfecit
339 2197 479 2292 Erinnys
503 2201 690 2292 nuptiarum
720 2197 873 2268 acerbum
898 2211 1066 2278 ornatum3

172 2301 261 2388 quod
278 2301 538 2390 antecedentibus
561 2303 699 2370 maxime
719 2312 844 2395 aptum.
893 2299 1066 2368 Advenisse

170 2403 257 2470 enim
269 2415 418 2472 narratur
431 2401 563 2487 Helena,
579 2405 672 2492 quasi
683 2402 793 2472 Venus
806 2404 887 2495 ipsa,
912 2401 1066 2468 suavitate

172 2505 327 2591 alliciens,
346 2527 457 2574 verum
469 2507 678 2595 consequitur
689 2528 760 2572 eam
770 2517 841 2572 atra
851 2503 992 2598 Erinnys
1005 2515 1066 2570 etc.

122 2643 183 2734 ag.
198 2650 282 2712 899.
310 2639 382 2726 (Kl.
396 2646 442 2712 85
448 2645 497 2724 7),
546 2639 741 2710 Klausenins
756 2635 937 2706 Wellaueri
949 2633 1067 2704 lectio-

171 2767 246 2810 nem
265 2743 397 2810 omnino
418 2743 550 2812 retinet.
604 2745 655 2812 Ita
676 2765 751 2810 vero
771 2737 1066 2844 interpungendum

170 2857 270 2937 puto:

169 2979 267 3066 λέγω
284 2979 363 3046 κατ’
375 2975 511 3060 ἄνδρα,
538 2976 589 3062 μὴ
601 2978 690 3048 θεὸν
705 2978 823 3061 σέβειν
836 2975 908 3058 aa,

170 3078 562 3164 χωρὶνποδοψήσνρων
574 3100 612 3148 τε
627 3084 778 3146 καὶτῶν
791 3079 981 3145 nouenae·

171 3180 320 3265 κληδὼν
335 3186 441 3258 ,diicat
456 3187 519 3256 nat
532 3183 575 3250 τὸ
589 3179 640 3267 μή
655 3187 778 3248 κακῶς
791 3186 947 3269 φρονεῖν

174 3288 269 3354 Θεοῦ
287 3285 459 3372 μέγιστον
475 3289 611 3368 δῶρον.

122 3422 182 3515 Ag.
199 3429 306 3494 1207.
326 3417 396 3509 (Kl.
416 3423 540 3509 1156).
564 3418 758 3488 Klansenins
770 3415 1067 3486 Wcllanariinter-

171 3524 386 3616 punctionem
408 3525 542 3607 retinet,
581 3545 687 3610 neque
715 3521 853 3588 mutavit
878 3519 1066 3608 quidquam,

172 3627 236 3694 nisi
267 3627 357 3716 qnod
395 3624 493 3708 dedu
511 3649 514 3659 ·
531 3623 694 3693 libremus
720 3621 893 3691 hmianem
910 3620 1066 3689 Instituit.

172 3729 387 3798 §ardendum
411 3735 488 3798 vern
507 3728 656 3796 citatum

673 3888 694 3946 2
