2510 4208
551 135 581 204 a

46 336 181 406 fecisse
199 336 359 422 arbitror,
390 335 479 422 quod
491 336 591 403 sicuti
611 334 659 412 illi
677 337 890 426 antiquissimi
907 341 1060 410 Graeciae

46 452 153 510 vates
174 438 344 506 hominum
362 438 445 506 vitae
465 437 605 506 divinam
623 437 766 526 aliquam
784 444 962 534 potentiam
978 444 1061 512 sub·

49 554 191 610 struere
199 539 373 624 intellexit,
397 564 461 628 qua
473 553 506 607 et
518 539 701 632 tragoediae
713 566 868 634 personas
882 557 915 614 et
927 571 960 614 se
971 546 1061 638 ipsos

51 643 314 710 circumcinctos
324 655 478 734 putarent
489 655 698 734 spectatores.
733 647 778 712 At
791 647 877 712 euim
887 660 1061 740 propterea

53 745 131 812 dixi
141 747 294 812 verticem
306 745 467 832 quendam
479 747 592 836 poesin
601 743 760 840 Aeschyli,
784 748 1060 834 quodetomuino

54 871 115 914 ars
136 848 313 916 dramatico
338 872 377 914 ex
396 847 560 938 prioribus
581 847 687 939 poesis
714 849 884 941 generibus
902 849 1061 943 explicata

56 951 278 1042 conspicitur,
294 948 446 1037 quodque
457 950 535 1016 artis
547 949 797 1042 perfectissimae
809 964 868 1036 ast,
892 977 1061 1042 quaecum

55 1051 215 1120 homiues
234 1051 387 1134 delectet,
412 1049 509 1117 simul
530 1063 563 1118 et
577 1051 675 1118 vitam
692 1051 777 1120 hanc
795 1052 903 1122 altiori
923 1058 1063 1141 conjun-

56 1177 140 1246 gere
154 1154 260 1222 doret.
296 1152 396 1236 Quod
407 1176 482 1220 vero
496 1153 572 1236 dixi,
595 1153 793 1246 Aeschylum
804 1155 947 1248 primum
965 1170 1062 1246 atque

59 1255 133 1322 fere
153 1255 262 1324 solum
279 1256 344 1322 hoc
362 1271 454 1322 novo'
466 1255 602 1324 deorum
619 1255 852 1344 hominumque
868 1260 1061 1328 commercio

58 1358 265 1449 tragoediam
288 1356 513 1440 illustravisse,
552 1382 592 1424 ex
611 1357 689 1450 ipsis
708 1370 825 1450 poetae
847 1360 965 1448 quibus
982 1361 1063 1430 vixit

60 1460 286 1552 temporibus,
311 1472 407 1546 atque
424 1485 464 1526 ex
484 1459 677 1552 comparatis
694 1458 826 1550 reliquis
847 1465 913 1548 ejus
931 1473 1063 1558 tragoe-

63 1562 128 1628 diis
152 1586 229 1630 cum
252 1561 457 1648 sequentium
482 1561 680 1652 tragicorum
709 1561 863 1634 damnus
888 1565 1063 1634 monstrari

62 1665 186 1756 possit.
229 1666 392 1746 Attamen,
416 1685 518 1749 quum
528 1685 579 1729 res
591 1662 719 1756 gravior
730 1663 796 1742 sit..
808 1677 905 1754 atque
915 1665 956 1732 ab
967 1667 1061 1752 hujus

63 1765 182 1856 scripti
195 1763 330 1832 consilio
343 1763 515 1846 remotior,
539 1787 577 1832 ea
589 1767 708 1850 rejecta
725 1767 835 1834 statim
853 1767 896 1835 ad
913 1768 1063 1836 conside·

63 1867 184 1934 randas
199 1867 286 1959 ipsas
298 1864 449 1959 Aeschyli
464 1867 641 1958 tragoedias
657 1867 793 1936 transire
807 1867 915 1954 licent.

78 2009 81 2016 ·
144 1969 272 2052 Quodsi
283 1968 317 2034 in
328 1965 480 2061 Aeschyli
493 1968 666 2059 tragoediis
684 1982 781 2056 atque
794 1971 926 2038 omnino
945 1970 980 2038 in
992 1981 1064 2039 arte

68 2072 244 2138 dramatico
263 2093 415 2162 personas
434 2069 640 2160 respicimus,
665 2071 782 2156 quibus
802 2069 911 2140 sabula
928 2097 1063 2166 reprae-

70 2173 189 2242 sentari
202 2172 363 2266 potuerit,
387 2183 539 2264 apparet,
561 2173 625 2238 tria
639 2196 707 2240 esse
722 2173 903 2244 dramatum
919 2177 1063 2268 tragico·

69 2299 144 2342 rum
162 2297 289 2367 genera.
344 2273 489 2342 Primum
506 2275 568 2340 erit
583 2273 682 2357 illud,
706 2275 765 2343 uhi
782 2301 834 2343 res
852 2276 959 2368 agitur
978 2278 1064 2344 inter

72 2377 155 2446 solos
168 2377 256 2460 deos,
268 2375 358 2464 quod
369 2399 405 2442 re
418 2399 492 2442 vera
505 2375 650 2444 divium
660 2378 820 2445 nominari
829 2378 933 2470 possit
941 2378 1062 2464 drama,

73 2480 247 2564 cuiusmodi
266 2492 373 2548 tamen
391 2478 572 2570 argumenti
599 2479 779 2570 tragoedias
798 2477 976 2574 Aeschylus
995 2504 1063 2548 nou

73 2582 254 2650 tractavisse
285 2581 427 2660 videtum
472 2605 577 2668 neque
605 2580 691 2646 enim
724 2580 901 2650 certamina
928 2582 1063 2650 deorum

74 2682 314 2776 Olympicorum
332 2694 366 2750 et
384 2681 556 2766 Titanum,
587 2705 670 2769 quae
687 2682 764 2750 huic
783 2681 893 2777 generi
912 2683 982 2754 sola
1000 2684 1063 2752 ad-

75 2785 174 2876 aptari
187 2785 330 2877 possint,
354 2782 547 2852 druuaticm
565 2784 628 2850 arti
645 2785 913 2876 repraesentanda
927 2810 1063 2854 conces-

75 2888 181 2971 serim,
206 2910 310 2974 neqae
325 2883 534 2954 Prometheus
553 2884 682 2979 trilogia
693 2887 769 2956 huic
782 2887 892 2982 generi
903 2887 1063 2956 adamae-

75 2991 294 3160 rmdAlldbhm
304 3045 413 3158 autem
426 3113 526 3183 genus
540 3089 575 3158 id
589 3103 654 3171 est,
677 3088 767 3178 quod
779 3101 880 3160 etuas
891 3115 978 3159 nunc
992 3102 1063 3158 tra·

77 3194 178 3288 ςὶοιιιιι
187 3191 352 3285 appellare
364 3193 596 3275 consuevimus,
612 3191 672 3258 nbi
681 3191 805 3262 scilicet
814 3217 866 3261 res
879 3193 963 3261 inter
974 3189 1069 3260 solos.

78 3298 193 3390 geritur
218 3295 379 3380 homines,
418 3307 515 3382 atque
534 3294 641 3361 divina
663 3293 719 3362 illa
737 3295 800 3380 vis,
831 3317 930 3382 quam
954 3291 1062 3362 omnia

78 3398 174 3493 proha
201 3409 464 3490 compensantem
489 3397 606 3464 summi
634 3396 686 3464 dei
714 3396 869 3482 justitiam
895 3396 1062 3466 nominare

79 3504 190 3596 poesis,
215 3500 439 3570 tantummodo
452 3498 504 3568 rel
515 3499 607 3567 chori
619 3498 839 3586 sermonibus,
863 3495 1062 3566 velactionis

80 3626 242 3697 progressu
255 3601 400 3694 conspici
412 3613 530 3694 potest.
580 3601 706 3686 Quibus
719 3600 754 3668 in
766 3597 901 3685 tabulis,
925 3623 1063 3688 quaram

83 3717 140 3779 tres
157 3702 300 3800 singulae
321 3703 521 3798 tqagoediae,
549 3702 673 3774 scilicet
694 3704 825 3798 Septem
851 3701 903 3772 ad.
922 3703 1064 3784 Thebas,

673 3856 719 3926 q*
