2510 4208
199 343 260 416 bus
282 343 482 439 temporibus
499 365 613 410 eorum
635 343 671 409 in
690 340 800 411 locum
826 345 970 414 succedit
989 344 1094 413 lenior
1113 347 1217 416 vitae

199 449 346 534 habitus,
371 443 603 537 contemplatio
628 457 762 512 naturae
785 446 1011 536 factorumque
1031 449 1217 517 humano-

199 578 275 619 rum
293 573 469 636 eorumque
485 547 678 642 descriptio;
707 549 816 635 itaque
828 562 1002 642 postquam
1017 550 1073 616 illa
1085 563 1215 620 vatum

200 655 303 748 lyrica
319 677 370 720 ars
390 651 509 718 tradita
522 641 572 722 est
586 649 749 718 custodiae
762 652 980 736 sacerdotum,
1004 665 1215 743 procreatur

201 757 307 849 poesis
327 755 438 848 epica,
460 746 526 839 qua
543 748 583 818 ab
600 752 783 820 hominibus
795 757 858 838 iam
873 755 974 846 magis
987 757 1163 846 segregatis
1184 781 1213 824 a

200 861 335 926 deorum
355 855 535 922 sublimiori
553 851 747 922 commercio
766 855 829 948 ipsi
854 856 900 923 dii
920 857 1132 924 retrahuntur
1159 883 1212 926 ex

201 961 309 1043 coelo,
334 959 537 1044 induuntque
557 955 695 1024 formam
715 981 920 1049 corpoream,
953 959 1117 1026 definitam
1139 983 1211 1030 seu

200 1075 397 1132 terrestrem.
461 1063 505 1126 At
521 1058 655 1140 sensim,
688 1060 743 1124 ubi
772 1061 837 1127 vita
860 1060 989 1128 heroica
1008 1061 1211 1153 principum

198 1165 404 1232 Achaeorum
422 1161 562 1228 motibus
582 1159 713 1227 diversis
727 1163 865 1242 interiit,
889 1177 985 1250 atque
999 1187 1100 1230 novae
1113 1165 1209 1231 civi-

199 1279 304 1336 tatum
324 1265 447 1332 formae
471 1264 677 1344 exstiterunt,
708 1263 825 1349 quihus
851 1264 1052 1356 singulorum
1076 1265 1206 1334 civium

200 1357 326 1436 animus
344 1365 543 1434 excitabatur
560 1359 606 1430 ad
618 1365 822 1457 suscipienda
840 1368 967 1456 negotia
986 1365 1204 1459 reipublicae,

200 1461 399 1536 mercaturae
418 1481 452 1536 et
470 1469 552 1536 vitae
577 1463 782 1553 quotidianae
801 1467 1010 1550 excolendae,
1057 1469 1202 1537 heroum

199 1563 285 1640 facta
299 1573 463 1638 desierunt
479 1569 649 1636 hominum
667 1583 790 1637 mentes
809 1570 1036 1652 admiratione,
1061 1595 1201 1638 eornm-

200 1663 263 1762 q'ue
280 1687 392 1741 cantus
413 1667 775 1757 jucunditate'alficere3
799 1671 896 1758 atquc
915 1674 959 1740 ita
979 1674 1071 1764 epica
1085 1677 1197 1764 poesis
1249 1687 1250 1702 ³

199 1775 355 1869 paulatim
368 1774 514 1854 evanuit,
537 1771 684 1858 factaque
697 1771 1021 1841 estre's'ernditionis.
1042 1793 1045 1806 ·
1072 1777 1197 1843 Verum

200 1881 291 1966 quasi
304 1879 445 1965 quietem
458 1876 583 1942 animus
598 1874 756 1941 humanus
768 1899 861 1966 agere
875 1875 941 1942 n'oa
956 1878 1069 1968 possit,
1093 1890 1195 1964 atque

199 2005 265 2046 una
290 2003 325 2046 re
345 1977 492 2046 obsoleta
511 1971 606 2043 aliam
626 1975 694 2042 'sibi
721 1979 820 2070 magis
847 1975 994 2044 idoneam
1017 1978 1196 2070 subrogare

200 2095 330 2149 eoactus
351 2073 423 2162 sit,
440 2081 535 2146 etiam
555 2080 589 2144 in
609 2075 718 2170 epicue
737 2081 843 2171 poesis
861 2079 970 2147 locum
988 2083 1095 2170 spatio
1115 2080 1196 2147 lon-

199 2185 281 2276 giori
300 2182 482 2249 intermisso
501 2178 675 2247 suffectum
690 2180 778 2248 aliud
799 2207 898 2274 genus
912 2171 1056 2249 videmus
1072 2184 1193 2248 carmi·-

198 2311 278 2353 num
297 2283 428 2352 scilieet
438 2282 539 2350 altera
560 2295 703 2373 exparte
716 2277 819 2348 uitem
827 2284 964 2377 'lyricam
976 2286 1191 2369 Dorienaium,

199 2413 256 2455 seu
273 2377 409 2482 lyricam
432 2379 617 2477 plasticam,
651 2384 863 2475 compositam
886 2387 1125 2473 quodammodo
1150 2413 1191 2454 ex

198 2503 267 2558 arte
282 2490 372 2582 epica
387 2501 419 2556 et
435 2489 535 2582 lyrica
553 2486 595 2552 ad
612 2485 761 2553 victorias
780 2488 961 2555 incruentas
982 2488 1189 2556 illustrandus

198 2603 232 2658 et
251 2591 425 2659 domestica
445 2591 561 2682 gaudia
584 2613 616 2654 se
637 2587 892 2672 convertentem,
930 2589 1031 2661 ultera
1051 2613 1129 2656 vero
1148 2617 1189 2658 cx

197 2706 291 2788 purte
308 2706 409 2760 artem
426 2689 802 2786 lyricamAeolensium,
827 2694 925 2760 animi
937 2693 1071 2758 humani
1081 2694 1191 2759 maui-

196 2797 368 2864 festantem
385 2794 551 2886 cupidines
578 2806 611 2862 et
628 2795 802 2861 moerores.
828 2826 829 2834 ¹
850 2801 959 2882 litque
973 2796 1018 2861 ita
1032 2795 1189 2882 siquidem

196 2899 338 2966 carmina
355 2889 507 2989 elegiaca,
531 2893 667 2979 iambica
685 2909 717 2962 et
736 2897 909 2979 didactica,
935 2921 1018 2983 qaae
1036 2897 1187 2966 advitam

183 3001 370 3066 ¹humanam
389 2998 440 3066 vel
465 2996 677 3065 ordinandam
699 2995 750 3063 vel
774 2998 989 3089 castigandum
1011 3002 1187 3090 spectantia

195 3122 352 3189 acquelex
364 3095 467 3192 gentis
481 3093 614 3184 alicujus
629 3121 760 3191 ganeam
772 3101 956 3166 conditione
967 3115 1124 3192 prognata
1134 3103 1187 3168 vi-

195 3205 329 3288 dentur,
341 3203 502 3270 'omittere
515 3201 607 3283 licet,
631 3204 693 3285 jam
707 3202 814 3293 poesis
831 3203 979 3285 deorum,
999 3203 1138 3270 heroam
1151 3218 1185 3272 et

194 3293 383 3388 hdminum,
404 3306 513 3392 itaque
532 3317 622 3371 totus
637 3305 751 3394 poesis·
762 3303 849 3370 'orbis
865 3305 1034 3372 ridebatur
1051 3303 1185 3381 absolu-

194 3419 264 3491 tus,
289 3399 390 3496 quum
403 3432 442 3474 ex
455 3407 534 3499 ipsis
548 3399 680 3491 reliquis
700 3406 839 3498 vestigiis
854 3408 1092 3494 antiquissimae
1106 3409 1184 3476 artis

193 3511 312 3604 lyricae
325 3505 519 3602 temperatae
535 3505 638 3600 'epicis
650 3507 891 3576 'curationibus
899 3509 1031 3601 ‘prodiit
1043 3533 1095 3577 ara
1106 3508 1187 3580 dru-

192 3603 319 3696 ma'tica,
331 3630 429 3698 qnam
442 3611 558 3679 deinde
569 3611 665 3678 vitam
677 3606 852 3680 licinianam
861 3611 1185 3706 fingentemdetcliy-

191 3707 466 3809 lum'primnm'eo
480 3711 616 3784 maxime
628 3713 805 3786 excoluisse
817 3715 915 3803 atque
931 3714 1074 3785 divinam
1083 3738 1183 3809 paene
